%% UNIVERSIDADE FEDERAL DA PARAÍBA
%% CENTRO DE ENERGIAS ALTERNATIVAS E RENOVÁVEIS
%% DEPARTAMENTO DE ENGENHARIA ELÉTRICA


%% Criado por Gabriel Luiz De França Sales


%% BASE BIBLIOGRÁFICA UTILIZADA 

@article{bonfim2002medidas,
	title={Medidas El{\'e}tricas},
	author={Bonfim, Marlio},
	journal={Conversores Digital/Anal{\'o}gico (D/A) e Anal{\'o}gico/Digital (A/D), DELT, UFPR},
	year={2002}
}

%Tese Duarte Freitas sobre controle de aerogeradores de imã permanente de pequeno porte
@phdthesis{freitas2013controlo,
  title={Controlo de um inversor monof{\'a}sico para liga{\c{c}}{\~a}o {\`a} rede de um gerador s{\'\i}ncrono de {\'\i}manes permanentes},
  author={Freitas, Duarte Nuno Santos},
  year={2013}
}